@misc{Iker_2017,
    author = {Iker García Ribote and Virginia Muto Foresi},
    title = {El problema de los tres cuerpos},
    year = "2017",
    institution = {FCT Universidad del País Vasco},
    note = {Trabajo de Fin de Grado en Matemáticas},
    url = {https://addi.ehu.es/bitstream/handle/10810/30537/TFG_Garcia_Ribote_Iker.pdf?sequence=1&isAllowed=y}
}

@article{Musielak_2014,
	doi = {10.1088/0034-4885/77/6/065901},
	url = {https://doi.org/10.1088/0034-4885/77/6/065901},
	year = 2014,
	month = {jun},
	publisher = {{IOP} Publishing},
	volume = {77},
	number = {6},
	pages = {065901},
	author = {Z.E. Musielak and B. Quarles},
	title = {The three-body problem},
	journal = {Reports on Progress in Physics},
	abstract = {The three-body problem, which describes three masses interacting through Newtonian gravity without any restrictions imposed on the initial positions and velocities of these masses, has attracted the attention of many scientists for more than 300 years. In this paper, we present a review of the three-body problem in the context of both historical and modern developments. We describe the general and restricted (circular and elliptic) three-body problems, different analytical and numerical methods of finding solutions, methods for performing stability analysis and searching for periodic orbits and resonances. We apply the results to some interesting problems of celestial mechanics. We also provide a brief presentation of the general and restricted relativistic three-body problems, and discuss their astronomical applications.}
}

@misc{bruzelli,
    author = {Richard Montgomery},
    title = {El problema de los tres cuerpos},
    howpublished = {\url{https://www.investigacionyciencia.es/revistas/investigacion-y-ciencia/el-mundo-ante-la-pandemia-800/el-problema-de-los-tres-cuerpos-18670}}
}

@article{simulation3d,
author = {Palacian, Jesus and Peña, Carmen},
year = {2006},
month = {01},
pages = {},
title = {Simulación en tres dimensiones del problema de N cuerpos},
journal = {Monografías de la Real Academia de Ciencias Exactas, Físicas, Químicas y Naturales de Zaragoza, ISSN 1132-6360, Nº. 28, 2006 (Ejemplar dedicado a: Actas de las VIII Jornadas de Mecánica Celeste), pags. 9-21}
}
